<record><leader>00000cas a22000007a 4500</leader><controlfield tag="001">18617195</controlfield><controlfield tag="008">881017d19751975nyuwr ne      0    0eng d</controlfield><datafield ind1=" " ind2=" " tag="010"><subfield code="a">sn 88074805 </subfield></datafield><datafield ind1=" " ind2=" " tag="040"><subfield code="a">NYS</subfield><subfield code="b">eng</subfield><subfield code="c">NYS</subfield><subfield code="d">OCLCQ</subfield></datafield><datafield ind1=" " ind2=" " tag="042"><subfield code="a">msc</subfield></datafield><datafield ind1="0" ind2="0" tag="245"><subfield code="a">South-east weekly journal.</subfield></datafield><datafield ind1=" " ind2=" " tag="260"><subfield code="a">Rochester, N.Y. :</subfield><subfield code="b">[s.n.],</subfield><subfield code="c">1975-1975.</subfield></datafield><datafield ind1=" " ind2=" " tag="300"><subfield code="a">v.</subfield></datafield><datafield ind1=" " ind2=" " tag="310"><subfield code="a">Weekly</subfield></datafield><datafield ind1="0" ind2=" " tag="362"><subfield code="a">Vol. 25 (May 14, 1975)-v. 25 (May 28, 1975).</subfield></datafield><datafield ind1=" " ind2="4" tag="651"><subfield code="a">Rochester (N.Y.)</subfield><subfield code="v">Newspapers.</subfield></datafield><datafield ind1=" " ind2=" " tag="752"><subfield code="a">United States</subfield><subfield code="b">New York</subfield><subfield code="c">Monroe</subfield><subfield code="d">Rochester.</subfield></datafield><datafield ind1="0" ind2="0" tag="780"><subfield code="t">South-east weekly journal, 14th warder and South side news</subfield><subfield code="w">(DLC)sn 88074227</subfield></datafield><datafield ind1="0" ind2="7" tag="785"><subfield code="t">Henrietta weekly journal</subfield><subfield code="w">(DLC)sn 88074083</subfield></datafield><datafield ind1="0" ind2="7" tag="785"><subfield code="t">South-east weekly &amp; Henrietta weekly journal</subfield><subfield code="w">(DLC)sn 88074082</subfield></datafield><datafield ind1="1" ind2=" " tag="029"><subfield code="a">AU@</subfield><subfield code="b">000020668672</subfield></datafield></record>